@Book{brassard,
	author = "P. Bratley{,} G. Brassard",
	title = "Fundamental of Algorithmics",
	publisher = "Prentice Hall",
	year = "1996",
	key = "Bra96",
	edition = "Second"
}



@BOOK{cormen,
	author = "Charles E. Leiserson{,} Ronal R. Rivest{,} Thomas H. Cormen",
	title = "Introduction to algorithms",
	publisher = "McGraw-Hill",
	edition = "Second",
	year = "2001",
	key = "Cor01"
}

@Book{sedgewick,
	author = "Robert Sedgewick",
	title = "Algorithms in C++",
	publisher = "Addison-Wesley Publishing Company",
	year = "1992",
	key = "sedge92"
}

@Book{harary,
	author = "Harary",
	title = "Graph theory",
	publisher = "Addison-Wesley",
	year = "1969",
	key = "harary69"
}

@BOOK{gross,
	author = "J. Yellen{,} J. Gross",
	title = "Graph Theory and its Applications",
	publisher = "CRC",
	edition = "Second",
	year = "1999",
	key = "gro99"
}

@BOOK{horowitz,
	author = "Horowitz, Ellis {,} Sahni, Sartaj",
	title = "Fundamentals of Computer Algorithms",
	publisher = "Computer Science Press",
	edition = "First",
	year = "1978",
	key = "Hor78"
}



@misc{cplusplus,
   author = "cplusplus.com",
   title = "STL Containers (\url{http://cplusplus.com/reference/stl/})",
   year = "2010",
   url = "\url{http://cplusplus.com/reference/stl/}",
   note = "[Online; accessed 21-Sep-2010]"
}

@misc{med3kill,
   author = "Unden, Ralph",
   title = "A guide to introsort (\url{http://ralphunden.net/?q=a-guide-to-introsort})",
   year = "2010",
   url = "\url{http://ralphunden.net/?q=a-guide-to-introsort}",
   note = "[Online; accessed 9-Sep-2010]"
}

@Article{musser,
   author = "Musser, David",
   title = "Introspective Sorting and Selection Algorithms",
   journal = "Software: Practice and Experience",
   publisher = "Wiley",
   number = "27",
   pages = "983-993",
   year = "1997",
   url = "\url{http://ralphunden.net/?q=a-guide-to-introsort}"
}
@misc{stlsort,
   author = "sgi.com",
   title = "Sort (\url{http://www.sgi.com/tech/stl/sort.html})",
   year = "2010",
   url = "\url{http://www.sgi.com/tech/stl/sort.html}",
   note = "[Online; accessed 21-Sep-2010]"
}
@misc{javasort,
   author = "Sun Microsystems",
   title = "Sort (\url{http://java.sun.com/javase/6/docs/api/java/util/Arrays.html})",
   year = "2007",
   url = "\url{http://java.sun.com/javase/6/docs/api/java/util/Arrays.html}",
   note = "[Online; accessed 11-Apr-2011]"
}

@book{gross2006graph,
  title={Graph theory and its applications},
  author={Gross, J.L. and Yellen, J.},
  isbn={9781584885054},
  lccn={2005052906},
  series={Discrete mathematics and its applications},
  year={2006},
  publisher={Chapman \& Hall/CRC}
}

